@article{srinivasan_decreasing_2017,
	title = {Decreasing, not increasing, leaf area will raise crop yields under global atmospheric change},
	volume = {23},
	doi = {10.1111/gcb.13526},
	number = {4},
	journal = {Global Change Biology},
	author = {Srinivasan, Venkatraman and Kumar, Praveen and Long, Stephen P.},
	year = {2017},
	pages = {1626--1635}
}

@article{matthews_soybean_2022,
	title = {Soybean-{BioCro}: a semi-mechanistic model of soybean growth},
	volume = {4},
	doi = {10.1093/insilicoplants/diab032},
	number = {1},
	journal = {in silico Plants},
	author = {Matthews, Megan L and Marshall-Colón, Amy and McGrath, Justin M and Lochocki, Edward B and Long, Stephen P},
	year = {2022}
}

@article{long_modification_1991,
	title = {Modification of the response of photosynthetic productivity to rising temperature by atmospheric {CO2} concentrations: {Has} its importance been underestimated?},
	volume = {14},
	doi = {10.1111/j.1365-3040.1991.tb01439.x},
	number = {8},
	journal = {Plant, Cell \& Environment},
	author = {Long, S. P.},
	year = {1991},
    pages = {729--739}
}

@article{lochocki_biocro_2022,
	title = {{BioCro} {II}: a {Software} {Package} for {Modular} {Crop} {Growth} {Simulations}},
	doi = {10.1093/insilicoplants/diac003},
	journal = {in silico Plants},
	author = {Lochocki, Edward B and Rohde, Scott and Jaiswal, Deepak and Matthews, Megan L and Miguez, Fernando and Long, Stephen P and McGrath, Justin M},
	year = {2022}
}

@book{campbell_introduction_1998,
	address = {New York},
	edition = {2},
	title = {An {Introduction} to {Environmental} {Biophysics}},
	isbn = {978-0-387-94937-6},
	publisher = {Springer-Verlag},
	author = {Campbell, Gaylon S. and Norman, John},
	year = {1998}
}

@book{thornley_plant_1990,
	title = {Plant and {Crop} {Modelling}: {A} {Mathematical} {Approach} to {Plant} and {Crop} {Physiology}},
	author = {Thornley, John H. M. and Johnson, I. R.},
	year = {1990},
}

@book{monteith_principles_2013,
	title = {Principles of environmental physics: plants, animals, and the atmosphere},
	publisher = {Academic Press},
	author = {Monteith, John and Unsworth, Mike},
	year = {2013},
}

@article{humphries_wimovac_1995,
	title = {{WIMOVAC}: a software package for modelling the dynamics of plant leaf and canopy photosynthesis},
	volume = {11},
	doi = {10.1093/bioinformatics/11.4.361},
	number = {4},
	journal = {Bioinformatics},
	author = {Humphries, S. W. and Long, S. P.},
	year = {1995},
	pages = {361--371}
}

@article{miguez_modeling_2012,
	title = {Modeling spatial and dynamic variation in growth, yield, and yield stability of the bioenergy crops {Miscanthus} × giganteus and {Panicum} virgatum across the conterminous {United} {States}},
	volume = {4},
	doi = {10.1111/j.1757-1707.2011.01150.x},
	number = {5},
	journal = {GCB Bioenergy},
	author = {Miguez, Fernando E. and Maughan, Matthew and Bollero, Germán A. and Long, Stephen P.},
	year = {2012},
	pages = {509--520}
}
