
@incollection{ball_model_1987,
	address = {Dordrecht},
	title = {A {Model} {Predicting} {Stomatal} {Conductance} and its {Contribution} to the {Control} of {Photosynthesis} under {Different} {Environmental} {Conditions}},
	isbn = {978-94-017-0519-6},
	booktitle = {Progress in {Photosynthesis} {Research}: {Volume} 4 {Proceedings} of the {VIIth} {International} {Congress} on {Photosynthesis} {Providence}, {Rhode} {Island}, {USA}, {August} 10–15, 1986},
	publisher = {Springer Netherlands},
	author = {Ball, J. Timothy and Woodrow, Ian E. and Berry, Joseph A.},
	editor = {Biggins, J.},
	year = {1987},
	doi = {10.1007/978-94-017-0519-6_48},
	pages = {221--224},
}

@article{leuning_critical_1995,
	title = {A critical appraisal of a combined stomatal-photosynthesis model for {C3} plants},
	volume = {18},
	doi = {10.1111/j.1365-3040.1995.tb00370.x},
	number = {4},
	journal = {Plant, Cell \& Environment},
	author = {Leuning, R.},
	year = {1995},
	pages = {339--355},
}

@article{tardieu_integration_1993,
	title = {Integration of hydraulic and chemical signalling in the control of stomatal conductance and water status of droughted plants},
	volume = {16},
	doi = {10.1111/j.1365-3040.1993.tb00880.x},
	number = {4},
	journal = {Plant, Cell \& Environment},
	author = {Tardieu, F. and Davies, W. J.},
	year = {1993},
	pages = {341--349},
}

@article{dewar_ballberryleuning_2002,
	title = {The {Ball}–{Berry}–{Leuning} and {Tardieu}–{Davies} stomatal models: synthesis and extension within a spatially aggregated picture of guard cell function},
	volume = {25},
	doi = {10.1046/j.1365-3040.2002.00909.x},
	number = {11},
	journal = {Plant, Cell \& Environment},
	author = {Dewar, R. C.},
	year = {2002},
	pages = {1383--1398},
}

@article{von_caemmerer_relationships_1981,
	title = {Some relationships between the biochemistry of photosynthesis and the gas exchange of leaves},
	volume = {153},
	doi = {10.1007/BF00384257},
	number = {4},
	journal = {Planta},
	author = {von Caemmerer, S. and Farquhar, G. D.},
	year = {1981},
	pages = {376--387},
}
