
@book{campbell_introduction_1998,
	address = {New York},
	edition = {2},
	title = {An {Introduction} to {Environmental} {Biophysics}},
	isbn = {978-0-387-94937-6},
	url = {https://www.springer.com/gp/book/9780387949376},
	publisher = {Springer-Verlag},
	author = {Campbell, Gaylon S. and Norman, John},
	year = {1998},
}


@incollection{goudriaan_light_2016,
	address = {Dordrecht},
	title = {Light {Distribution}},
	isbn = {978-94-017-7291-4},
	booktitle = {Canopy {Photosynthesis}: {From} {Basics} to {Applications}},
	publisher = {Springer Netherlands},
	author = {Goudriaan, Jan},
	editor = {Hikosaka, Kouki and Niinemets, Ülo and Anten, Niels P.R.},
	year = {2016},
	doi = {10.1007/978-94-017-7291-4_1},
	pages = {3--22},
}

@article{pury_simple_1997,
	title = {Simple scaling of photosynthesis from leaves to canopies without the errors of big-leaf models},
	volume = {20},
	issn = {1365-3040},
	doi = {10.1111/j.1365-3040.1997.00094.x},
	number = {5},
	urldate = {2019-09-17},
	journal = {Plant, Cell \& Environment},
	author = {Pury, D. G. G. De and Farquhar, G. D.},
	year = {1997},
	keywords = {big-leaf model, modelling canopy photosynthesis, optimal distribution of leaf nitrogen},
	pages = {537--557},
}

@article{bonan_moving_2021,
	title = {Moving beyond the incorrect but useful paradigm: reevaluating big-leaf and multilayer plant canopies to model biosphere-atmosphere fluxes – a review},
	volume = {306},
	issn = {0168-1923},
	doi = {10.1016/j.agrformet.2021.108435},
	journal = {Agricultural and Forest Meteorology},
	author = {Bonan, Gordon B. and Patton, Edward G. and Finnigan, John J. and Baldocchi, Dennis D. and Harman, Ian N.},
	month = aug,
	year = {2021},
	pages = {108435},
}

@book{thornley_plant_1990,
	title = {Plant and {Crop} {Modelling}: {A} {Mathematical} {Approach} to {Plant} and {Crop} {Physiology}},
	author = {Thornley, John H. M. and Johnson, I. R.},
	year = {1990},
}

@article{hirose_maximizing_1987,
	title = {Maximizing daily canopy photosynthesis with respect to the leaf nitrogen allocation pattern in the canopy},
	volume = {72},
	doi = {10.1007/BF00378977},
	number = {4},
	urldate = {2019-09-17},
	journal = {Oecologia},
	author = {Hirose, T. and Werger, M. J. A.},
	month = jul,
	year = {1987},
	pages = {520--526},
}

@article{goudriaan_simple_1986,
	title = {A simple and fast numerical method for the computation of daily totals of crop photosynthesis},
	volume = {38},
	doi = {10.1016/0168-1923(86)90063-8},
	number = {1},
	journal = {Agricultural and Forest Meteorology},
	author = {Goudriaan, J.},
	month = oct,
	year = {1986},
	pages = {249--254},
}

@article{sellers_canopy_1985,
	title = {Canopy reflectance, photosynthesis and transpiration},
	volume = {6},
	doi = {10.1080/01431168508948283},
	number = {8},
	journal = {International Journal of Remote Sensing},
	author = {Sellers, P. J.},
	month = aug,
	year = {1985},
	pages = {1335--1372},
}

@article{thornley_instantaneous_2002,
	title = {Instantaneous {Canopy} {Photosynthesis}: {Analytical} {Expressions} for {Sun} and {Shade} {Leaves} {Based} on {Exponential} {Light} {Decay} {Down} the {Canopy} and an {Acclimated} {Non}‐rectangular {Hyperbola} for {Leaf} {Photosynthesis}},
	volume = {89},
	doi = {10.1093/aob/mcf071},
	number = {4},
	journal = {Annals of Botany},
	author = {Thornley, J. H. M.},
	month = apr,
	year = {2002},
	pages = {451--458},
}
