
@book{campbell_introduction_1998,
	address = {New York},
	edition = {2},
	title = {An {Introduction} to {Environmental} {Biophysics}},
	isbn = {978-0-387-94937-6},
	url = {https://www.springer.com/gp/book/9780387949376},
	publisher = {Springer-Verlag},
	author = {Campbell, Gaylon S. and Norman, John},
	year = {1998},
}

@book{thornley_plant_1990,
	title = {Plant and {Crop} {Modelling}: {A} {Mathematical} {Approach} to {Plant} and {Crop} {Physiology}},
	author = {Thornley, John H. M. and Johnson, I. R.},
	year = {1990},
}

@article{wong_humidity_2022,
	title = {Humidity gradients in the air spaces of leaves},
	volume = {8},
	doi = {10.1038/s41477-022-01202-1},
	number = {8},
	urldate = {2024-05-21},
	journal = {Nature Plants},
	author = {Wong, Suan Chin and Canny, Martin J. and Holloway-Phillips, Meisha and Stuart-Williams, Hilary and Cernusak, Lucas A. and MÃ¡rquez, Diego A. and Farquhar, Graham D.},
	month = aug,
	year = {2022},
	pages = {971--978},
}
