
@article{collatz_physiological_1991,
	title = {Physiological and environmental regulation of stomatal conductance, photosynthesis and transpiration: a model that includes a laminar boundary layer},
	volume = {54},
	issn = {0168-1923},
	doi = {10.1016/0168-1923(91)90002-8},
    number = {2},
	journal = {Agricultural and Forest Meteorology},
	author = {Collatz, G. James and Ball, J. Timothy and Grivet, Cyril and Berry, Joseph A},
	month = apr,
	year = {1991},
	pages = {107--136},
}

@book{caemmerer_biochemical_2000,
	title = {Biochemical {Models} of {Leaf} {Photosynthesis}},
	publisher = {CSIRO Publishing},
	author = {{von Caemmerer}, S.},
	year = {2000},
	doi = {10.1071/9780643103405},
}

@article{farquhar_biochemical_1980,
	title = {A biochemical model of photosynthetic {CO2} assimilation in leaves of {C3} species},
	volume = {149},
	doi = {10.1007/BF00386231},
    number = {1},
	journal = {Planta},
	author = {Farquhar, G. D. and {von Caemmerer}, S. and Berry, J. A.},
	month = jun,
	year = {1980},
	pages = {78--90},
}

@article{kirschbaum_temperature_1984,
	title = {Temperature {Dependence} of {Whole}-{Leaf} {Photosynthesis} in {Eucalyptus} pauciflora {Sieb}. {Ex} {Spreng}},
	volume = {11},
	doi = {10.1071/pp9840519},
	number = {6},
	journal = {Australian Journal of Plant Physiology},
	author = {Kirschbaum, M. U. F. and Farquhar, G. D.},
	year = {1984},
	note = {Publisher: CSIRO PUBLISHING},
	pages = {519--538},
}

@article{harley_improved_1991,
	title = {An improved model of {C3} photosynthesis at high {CO2}: {Reversed} {O2} sensitivity explained by lack of glycerate reentry into the chloroplast},
	volume = {27},
	doi = {10.1007/BF00035838},
	number = {3},
	journal = {Photosynthesis Research},
	author = {Harley, Peter C. and Sharkey, Thomas D.},
	month = mar,
	year = {1991},
	pages = {169--178},
}

@article{von_caemmerer_steady-state_2013,
	title = {Steady-state models of photosynthesis},
	volume = {36},
	doi = {10.1111/pce.12098},
	number = {9},
	journal = {Plant, Cell \& Environment},
	author = {{von Caemmerer}, S.},
	year = {2013},
	pages = {1617--1630},
}

@article{sharkey_photosynthesis_1985,
	title = {Photosynthesis in intact leaves of {C3} plants: {Physics}, physiology and rate limitations},
	volume = {51},
	doi = {10.1007/BF02861058},
	number = {1},
	urldate = {2023-01-18},
	journal = {The Botanical Review},
	author = {Sharkey, Thomas D.},
	month = jan,
	year = {1985},
	pages = {53--105},
}

@incollection{farquhar_modelling_1982,
	address = {Berlin, Heidelberg},
	series = {Encyclopedia of {Plant} {Physiology}},
	title = {Modelling of {Photosynthetic} {Response} to {Environmental} {Conditions}},
	booktitle = {Physiological {Plant} {Ecology} {II}: {Water} {Relations} and {Carbon} {Assimilation}},
	publisher = {Springer},
	author = {Farquhar, G. D. and {von Caemmerer}, S.},
	editor = {Lange, O. L. and Nobel, P. S. and Osmond, C. B. and Ziegler, H.},
	year = {1982},
	doi = {10.1007/978-3-642-68150-9_17},
	pages = {549--587},
}

@article{harley_modelling_1992,
	title = {Modelling photosynthesis of cotton grown in elevated {CO2}},
	volume = {15},
	doi = {10.1111/j.1365-3040.1992.tb00974.x},
	number = {3},
	journal = {Plant, Cell \& Environment},
	author = {Harley, P. C. and Thomas, R. B. and Reynolds, J. F. and Strain, B. R.},
	year = {1992},
	pages = {271--282},
}

@article{sage_acclimation_1994,
	title = {Acclimation of photosynthesis to increasing atmospheric {CO2}: {The} gas exchange perspective},
	volume = {39},
	doi = {10.1007/BF00014591},
	number = {3},
	journal = {Photosynthesis Research},
	author = {Sage, Rowan F.},
	month = mar,
	year = {1994},
	pages = {351--368},
}

@article{yang_triose_2016,
	title = {Triose phosphate use limitation of photosynthesis: short-term and long-term effects},
	volume = {243},
	doi = {10.1007/s00425-015-2436-8},
	number = {3},
	urldate = {2023-01-18},
	journal = {Planta},
	author = {Yang, Jennifer T. and Preiser, Alyssa L. and Li, Ziru and Weise, Sean E. and Sharkey, Thomas D.},
	month = mar,
	year = {2016},
	pages = {687--698},
}

@article{walker_multi-hypothesis_2021,
	title = {Multi-hypothesis comparison of {Farquhar} and {Collatz} photosynthesis models reveals the unexpected influence of empirical assumptions at leaf and global scales},
	volume = {27},
	doi = {10.1111/gcb.15366},
	number = {4},
	urldate = {2023-01-18},
	journal = {Global Change Biology},
	author = {Walker, Anthony P. and Johnson, Abbey L. and Rogers, Alistair and Anderson, Jeremiah and Bridges, Robert A. and Fisher, Rosie A. and Lu, Dan and Ricciuto, Daniel M. and Serbin, Shawn P. and Ye, Ming},
	year = {2021},
	pages = {804--822},
}

@article{ellsworth_phosphorus_2015,
	title = {Phosphorus recycling in photorespiration maintains high photosynthetic capacity in woody species},
	volume = {38},
	doi = {10.1111/pce.12468},
	number = {6},
	urldate = {2023-01-19},
	journal = {Plant, Cell \& Environment},
	author = {Ellsworth, David S. and Crous, Kristine Y. and Lambers, Hans and Cooke, Julia},
	year = {2015},
	pages = {1142--1156},
}

@article{sharkey_fitting_2007,
	title = {Fitting photosynthetic carbon dioxide response curves for {C3} leaves},
	volume = {30},
	doi = {10.1111/j.1365-3040.2007.01710.x},
	number = {9},
	journal = {Plant, Cell \& Environment},
	author = {Sharkey, Thomas D. and Bernacchi, Carl J. and Farquhar, Graham D. and Singsaas, Eric L.},
	year = {2007},
	pages = {1035--1040},
}


@article{mcclain_triose_2019,
	title = {Triose phosphate utilization and beyond: from photosynthesis to end product synthesis},
	volume = {70},
	doi = {10.1093/jxb/erz058},
	number = {6},
	journal = {Journal of Experimental Botany},
	author = {McClain, Alan M and Sharkey, Thomas D},
	month = mar,
	year = {2019},
	pages = {1755--1766},
}
