
@article{monsi_uber_1953,
	title = {Über den {Lichtfaktor} in den {Pflanzengesellschaften} und seine {Bedeutung} für die {Stoffproduktion}},
	volume = {14},
	journal = {Japanese Journal of Botany},
	author = {Monsi, Masami and Saeki, Toshiro},
	year = {1953},
	pages = {2252},
}

@article{hirose_development_2004,
	title = {Development of the {Monsi}–{Saeki} {Theory} on {Canopy} {Structure} and {Function}},
	volume = {95},
	doi = {10.1093/aob/mci047},
	number = {3},
	journal = {Annals of Botany},
	author = {Hirose, Tadaki},
	year = {2004},
	pages = {483--494},
}

@article{monsi_structure_1973,
	title = {Structure of {Foliage} {Canopies} and {Photosynthesis}},
	volume = {4},
	doi = {10.1146/annurev.es.04.110173.001505},
	number = {1},
	journal = {Annual Review of Ecology and Systematics},
	author = {Monsi, Masami and Uchijima, Zenbei and Oikawa, Takehisa},
	year = {1973},
	pages = {301--327},
}

@article{saeki_interrelationships_1960,
	title = {Interrelationships between {Leaf} {Amount}, {Light} {Distribution} and {Total} {Photosynthesis} in a {Plant} {Community}},
	volume = {73},
	doi = {10.15281/jplantres1887.73.55},
	number = {860},
	journal = {Shokubutsugaku Zasshi},
	author = {Saeki, Toshiro},
	year = {1960},
	pages = {55--63},
}

@incollection{saeki_chapter_1963,
	title = {{CHAPTER} 6 - {Light} {Relations} {In} {Plant} {Communities}},
	booktitle = {Environmental {Control} of {Plant} {Growth}},
	publisher = {Academic Press},
	author = {Saeki, Toshiro},
	editor = {Evans, L. T.},
	year = {1963},
	doi = {10.1016/B978-0-12-244350-3.50010-0},
	pages = {79--94},
}

@article{thornley_instantaneous_2002,
	title = {Instantaneous {Canopy} {Photosynthesis}: {Analytical} {Expressions} for {Sun} and {Shade} {Leaves} {Based} on {Exponential} {Light} {Decay} {Down} the {Canopy} and an {Acclimated} {Non}‐rectangular {Hyperbola} for {Leaf} {Photosynthesis}},
	volume = {89},
	number = {4},
	journal = {Annals of Botany},
	author = {Thornley, J. H. M.},
	year = {2002},
    doi = {10.1093/aob/mcf071},
	pages = {451--458},
}

@phdthesis{humphries_will_2002,
	type = {PhD Thesis},
	title = {Will mechanistically rich models provide us with new insights into the response of plant production to climate change? : development and experiments with {WIMOVAC} : ({Windows} {Intuitive} {Model} of {Vegetation} response to {Atmosphere} \& {Climate} {Change})},
	url = {https://ethos.bl.uk/OrderDetails.do?uin=uk.bl.ethos.268715},
	school = {University of Essex},
	author = {Humphries, SW},
	year = {2002},
}

@book{thornley_plant_1990,
	title = {Plant and {Crop} {Modelling}: {A} {Mathematical} {Approach} to {Plant} and {Crop} {Physiology}},
	author = {Thornley, John H. M. and Johnson, I. R.},
	year = {1990},
}

@article{monteith1990principles,
  title={Principles of environmental physics},
  author={Monteith, John Lennox and Unsworth, MH},
  year={1990},
  publisher={Distributed in the USA by Routledge, Chapman and Hall}
}
